<record><leader>00000cas a22000007a 4500</leader><controlfield tag="001">21957411</controlfield><controlfield tag="008">900703d19041905mouwr ne      0    0eng d</controlfield><datafield ind1=" " ind2=" " tag="010"><subfield code="a">sn 90061849 </subfield></datafield><datafield ind1=" " ind2=" " tag="040"><subfield code="a">MQN</subfield><subfield code="b">eng</subfield><subfield code="c">MQN</subfield><subfield code="d">OCLCQ</subfield></datafield><datafield ind1=" " ind2=" " tag="042"><subfield code="a">msc</subfield></datafield><datafield ind1="0" ind2="0" tag="245"><subfield code="a">Thayer republican-tribune.</subfield></datafield><datafield ind1=" " ind2=" " tag="260"><subfield code="a">Thayer, Mo. :</subfield><subfield code="b">Erwin Smith</subfield></datafield><datafield ind1=" " ind2=" " tag="300"><subfield code="a">v.</subfield></datafield><datafield ind1=" " ind2=" " tag="310"><subfield code="a">Weekly</subfield></datafield><datafield ind1="1" ind2=" " tag="362"><subfield code="a">Began Nov. 25, 1904; ceased in 1905?</subfield></datafield><datafield ind1=" " ind2=" " tag="588"><subfield code="a">Description based on: Vol. 17, no. 1 (Dec. 2, 1904).</subfield></datafield><datafield ind1=" " ind2=" " tag="752"><subfield code="a">United States</subfield><subfield code="b">Missouri</subfield><subfield code="c">Oregon</subfield><subfield code="d">Thayer.</subfield></datafield><datafield ind1="0" ind2="4" tag="780"><subfield code="t">Thayer republican</subfield></datafield><datafield ind1="0" ind2="4" tag="780"><subfield code="t">Oregon County tribune</subfield><subfield code="w">(DLC)sn 90061848</subfield></datafield></record>